@article{yang2023harnessing,
    title = {Harnessing the Power of LLMs in Practice: A Survey on ChatGPT and
             Beyond},
    author = {Jingfeng Yang and Hongye Jin and Ruixiang Tang and Xiaotian Han
              and Qizhang Feng and Haoming Jiang and Bing Yin and Xia Hu},
    year = {2023},
    eprint = {2304.13712},
    archivePrefix = {arXiv},
    primaryClass = {cs.CL},
}
